%%%%%%%%%% Este es el formato para la bibliografia en Miscelanea Matematica %%%%%%%%%
%% Se dan ejemplos de articulos en revistas y proceeding, tesis y libros.
%% En la primera linea va el nombre que se quiera dar a la referencia

@book{may1999concise,
  title={A concise course in algebraic topology},
  author={May, J Peter},
  year={1999},
  publisher={University of Chicago press}
}

@book{rotman2013introduction,
  title={An introduction to algebraic topology},
  author={Rotman, Joseph J},
  volume={119},
  year={2013},
  publisher={Springer Science \& Business Media}
}

@book{may1992simplicial,
  title={Simplicial objects in algebraic topology},
  author={May, J Peter},
  volume={11},
  year={1992},
  publisher={University of Chicago Press}
}

@article{rotman1973covering,
  title={Covering complexes with applications to algebra},
  author={Rotman, Joseph},
  journal={The Rocky Mountain Journal of Mathematics},
  volume={3},
  number={4},
  pages={641--674},
  year={1973},
  publisher={JSTOR}
}
